<record><leader>00000cas a2200000 a 4500</leader><controlfield tag="001">12362772</controlfield><controlfield tag="008">850808d19101958ksuwr ne      0    0eng d</controlfield><datafield ind1=" " ind2=" " tag="010"><subfield code="a">sn 85031741 </subfield></datafield><datafield ind1=" " ind2=" " tag="040"><subfield code="a">KSH</subfield><subfield code="b">eng</subfield><subfield code="c">KSH</subfield><subfield code="d">NPT</subfield><subfield code="d">OCL</subfield><subfield code="d">OCLCQ</subfield></datafield><datafield ind1=" " ind2=" " tag="042"><subfield code="a">msc</subfield></datafield><datafield ind1="0" ind2="4" tag="245"><subfield code="a">The Wamego reporter.</subfield></datafield><datafield ind1=" " ind2=" " tag="260"><subfield code="a">Wamego, Kan. :</subfield><subfield code="b">K.C. Smick,</subfield><subfield code="c">1910-1958.</subfield></datafield><datafield ind1=" " ind2=" " tag="300"><subfield code="a">51 v. :</subfield><subfield code="b">ill. ;</subfield><subfield code="c">55 cm.</subfield></datafield><datafield ind1=" " ind2=" " tag="310"><subfield code="a">Weekly</subfield></datafield><datafield ind1="0" ind2=" " tag="362"><subfield code="a">Vol. 1, no. 1 (Jan. 6, 1910)-v. 51, no. 31 (July 31, 1958).</subfield></datafield><datafield ind1=" " ind2=" " tag="500"><subfield code="a">Published by: K.D. Doyle, Oct. 22, 1925- ; Wamego Reporter, Inc., -July 31, 1958.</subfield></datafield><datafield ind1=" " ind2=" " tag="515"><subfield code="a">Numbering is irregular.</subfield></datafield><datafield ind1=" " ind2=" " tag="752"><subfield code="a">United States</subfield><subfield code="b">Kansas</subfield><subfield code="c">Pottawatomie</subfield><subfield code="d">Wamego.</subfield></datafield><datafield ind1="0" ind2="0" tag="780"><subfield code="t">Kansas agriculturist (Wamego, Kan.)</subfield><subfield code="w">(DLC)sn 85031740</subfield></datafield><datafield ind1="0" ind2="5" tag="780"><subfield code="t">St. George news (St. George, Kan.)</subfield><subfield code="g">Feb. 5, 1942</subfield><subfield code="w">(DLC)sn 85031711</subfield></datafield></record>